@article{wojcieszak2009online,
  title={Online groups and political discourse: Do online discussion spaces facilitate exposure to political disagreement?},
  author={Wojcieszak, Magdalena E and Mutz, Diana C},
  journal={Journal of communication},
  volume={59},
  number={1},
  pages={40--56},
  year={2009},
  publisher={Oxford University Press}
}
@article{griffiths2004finding,
	title={Finding scientific topics},
	author={Griffiths, Thomas L and Steyvers, Mark},
	journal={Proceedings of the National academy of Sciences},
	volume={101},
	number={suppl 1},
	pages={5228--5235},
	year={2004},
	publisher={National Acad Sciences}
}

@article{frermann2016bayesian,
	title={A bayesian model of diachronic meaning change},
	author={Frermann, Lea and Lapata, Mirella},
	journal={Transactions of the Association for Computational Linguistics},
	volume={4},
	pages={31--45},
	year={2016}
}

@article{blei2003latent,
	title={Latent dirichlet allocation},
	author={Blei, David M and Ng, Andrew Y and Jordan, Michael I},
	journal={Journal of machine Learning research},
	volume={3},
	number={Jan},
	pages={993--1022},
	year={2003}
}
@inproceedings{kulkarni2015statistically,
	title={Statistically significant detection of linguistic change},
	author={Kulkarni, Vivek and Al-Rfou, Rami and Perozzi, Bryan and Skiena, Steven},
	booktitle={Proceedings of the 24th International Conference on World Wide Web},
	pages={625--635},
	year={2015},
	organization={International World Wide Web Conferences Steering Committee}
}
@inproceedings{blei2006dynamic,
	title={Dynamic topic models},
	author={Blei, David M and Lafferty, John D},
	booktitle={Proceedings of the 23rd international conference on Machine learning},
	pages={113--120},
	year={2006},
	organization={ACM}
}
@inproceedings{gulordava2011distributional,
	title={A distributional similarity approach to the detection of semantic change in the Google Books Ngram corpus},
	author={Gulordava, Kristina and Baroni, Marco},
	booktitle={Proceedings of the GEMS 2011 Workshop on GEometrical Models of Natural Language Semantics},
	pages={67--71},
	year={2011},
	organization={Association for Computational Linguistics}
}
@inproceedings{van1996electronic,
  title={Electronic communities: Global village or cyberbalkans},
  author={Van Alstyne, Marshall and Brynjolfsson, Erik and others},
  booktitle={Proceedings of the 17th International Conference on Information Systems. New York: Wiley},
  pages={32},
  year={1996}
}

@article{flaxman2016filter,
  title={Filter bubbles, echo chambers, and online news consumption},
  author={Flaxman, Seth and Goel, Sharad and Rao, Justin M},
  journal={Public opinion quarterly},
  volume={80},
  number={S1},
  pages={298--320},
  year={2016},
  publisher={Oxford University Press}
}

@article{milner2013fcj,
  title={FCJ-156 Hacking the Social: Internet Memes, Identity Antagonism, and the Logic of Lulz.},
  author={Milner, Ryan M},
  journal={The Fibreculture Journal},
  number={22 2013: Trolls and The Negative Space of the Internet},
  year={2013},
  publisher={The Fibreculture Journal}
}

@article{massanari2017gamergate,
  title={\# Gamergate and The Fappening: How Reddit’s algorithm, governance, and culture support toxic technocultures},
  author={Massanari, Adrienne},
  journal={New Media \& Society},
  volume={19},
  number={3},
  pages={329--346},
  year={2017},
  publisher={SAGE Publications Sage UK: London, England}
}

@article{phillips2013house,
  title={The house that fox built: Anonymous, spectacle, and cycles of amplification},
  author={Phillips, Whitney},
  journal={Television \& New Media},
  volume={14},
  number={6},
  pages={494--509},
  year={2013},
  publisher={Sage Publications Sage CA: Los Angeles, CA}
}

@article{zannettou2018gab,
  title={What is Gab? A Bastion of Free Speech or an Alt-Right Echo Chamber?},
  author={Zannettou, Savvas and Bradlyn, Barry and De Cristofaro, Emiliano and Sirivianos, Michael and Stringhini, Gianluca and Kwak, Haewoon and Blackburn, Jeremy},
  journal={arXiv preprint arXiv:1802.05287},
  year={2018}
}
@inproceedings{hine2017kek,
  title={Kek, cucks, and god emperor trump: A measurement study of 4chan’s politically incorrect forum and its effects on the web},
  author={Hine, Gabriel Emile and Onaolapo, Jeremiah and De Cristofaro, Emiliano and Kourtellis, Nicolas and Leontiadis, Ilias and Samaras, Riginos and Stringhini, Gianluca and Blackburn, Jeremy},
  booktitle={Eleventh International AAAI Conference on Web and Social Media},
  year={2017}
}

@article{bergstrom2011don,
  title={“Don’t feed the troll”: Shutting down debate about community expectations on Reddit. com},
  author={Bergstrom, Kelly},
  journal={First Monday},
  volume={16},
  number={8},
  year={2011}
}


@article{finkelstein2018quantitative,
  title={A Quantitative Approach to Understanding Online Antisemitism},
  author={Finkelstein, Joel and Zannettou, Savvas and Bradlyn, Barry and Blackburn, Jeremy},
  journal={arXiv preprint arXiv:1809.01644},
  year={2018}
}

@article{binny2018,
  author    = {Binny Mathew and
               Ritam Dutt and
               Pawan Goyal and
               Animesh Mukherjee},
  title     = {Spread of hate speech in online social media},
  journal   = {CoRR},
  volume    = {abs/1812.01693},
  year      = {2018},
  url       = {http://arxiv.org/abs/1812.01693},
  archivePrefix = {arXiv},
  eprint    = {1812.01693},
  timestamp = {Tue, 01 Jan 2019 15:01:25 +0100},
  biburl    = {https://dblp.org/rec/bib/journals/corr/abs-1812-01693},
  bibsource = {dblp computer science bibliography, https://dblp.org}
}

@inproceedings{lima2018inside,
  title={Inside the right-leaning echo chambers: Characterizing gab, an unmoderated social system},
  author={Lima, Lucas and Reis, Julio CS and Melo, Philipe and Murai, Fabricio and Araujo, Leandro and Vikatos, Pantelis and Benevenuto, Fabricio},
  booktitle={2018 IEEE/ACM International Conference on Advances in Social Networks Analysis and Mining (ASONAM)},
  pages={515--522},
  year={2018},
  organization={IEEE}
}

@inproceedings{gudmundsson2018human,
	title={Human-Like Playtesting with Deep Learning},
	author={Gudmundsson, Stefan Freyr and Eisen, Philipp and Poromaa, Erik and Nodet, Alex and Purmonen, Sami and Kozakowski, Bartlomiej and Meurling, Richard and Cao, Lele},
	booktitle={2018 IEEE Conference on Computational Intelligence and Games (CIG)},
	pages={1--8},
	year={2018},
	organization={IEEE}
}


@article{darroch2017,
 author  = {Darroch, Gordon},
 date    = {November 17, 2016},
 year={2016},
 title   = {Gab alt-right's social media alternative attracts users banned from Twitter},
 journal = {The Guardian},
 url     = {https://www.theguardian.com/media/2016/nov/17/gab-alt-right-social-media-twitter},
 urldate = {January 13, 2018}
}
@misc{price_2017, 
	title={Google's app store has banned Gab - a social network popular with the far-right - for 'hate speech'}, 
	url={https://www.businessinsider.com/google-app-store-gab-ban-hate-speech-2017-8}, journal={Business Insider}, publisher={Business Insider}, author={Price, Rob}, year={2017}, month={Aug}}

@misc{gab_wapo, 
	title={Google's app store has banned Gab - a social network popular with the far-right - for 'hate speech'}, 
	url={https://www.washingtonpost.com/technology/2018/10/28/how-gab-became-white-supremacist-sanctuary-before-it-was-linked-pittsburgh-suspect/}, journal={Washington Post}, publisher={Washington Post}, author={Abby Ohlheiser and
	Ian Shapira }, year={2018}, month={October}
}

@misc{qan, 
	title={What Is QAnon: Explaining the Internet Conspiracy Theory That Showed Up at a Trump Rally}, 
	url={https://www.nytimes.com/2018/08/01/us/politics/what-is-qanon.html}, journal={The New York Times Post}, publisher={The New York Times Post}, author={Justin Bank, Liam Stack and Daniel Victor}, year={2018}, month={August}
	
}
@book{lopez2015dog,
	title={Dog whistle politics: How coded racial appeals have reinvented racism and wrecked the middle class},
	author={L{\'o}pez, Ian Haney},
	year={2015},
	publisher={Oxford University Press}
}

@article{finkelstein2018quantitative,
	title={A quantitative approach to understanding online antisemitism},
	author={Finkelstein, Joel and Zannettou, Savvas and Bradlyn, Barry and Blackburn, Jeremy},
	journal={arXiv preprint arXiv:1809.01644},
	year={2018}
}
@inproceedings{reid2019,
	title={From “Welcome New Gabbers” to the Pittsburgh Synagogue Shooting: The Evolution of Gab},
	author={Reid McIlroy-Young and Ashton Anderson},
	booktitle={Proceedings of the Annual Conference on Weblogs and Social Media (ICWSM 2019)},
	year={20019}
}

@article{wojcieszak2009online,
	title={Online groups and political discourse: Do online discussion spaces facilitate exposure to political disagreement?},
	author={Wojcieszak, Magdalena E and Mutz, Diana C},
	journal={Journal of Communication},
	volume={59},
	number={1},
	pages={40--56},
	year={2009},
	publisher={Oxford University Press}
}

@inproceedings{van1996electronic,
	title={Electronic communities: Global village or cyberbalkans},
	author={Van Alstyne, Marshall and Brynjolfsson, Erik and others},
	booktitle={Proceedings of the 17th International Conference on Information Systems},
	pages={32},
	year={1996}
}

@article{flaxman2016filter,
	title={Filter bubbles, echo chambers, and online news consumption},
	author={Flaxman, Seth and Goel, Sharad and Rao, Justin M},
	journal={Public Opinion Quarterly},
	volume={80},
	number={S1},
	pages={298--320},
	year={2016},
	publisher={Oxford University Press}
}

@article{milner2013fcj,
	title={FCJ-156 Hacking the Social: Internet Memes, Identity Antagonism, and the Logic of Lulz.},
	author={Milner, Ryan M},
	journal={The Fibreculture Journal},
	number={22 2013: Trolls and The Negative Space of the Internet},
	year={2013},
	publisher={The Fibreculture Journal}
}
@misc{brants2006web,
	title={Web 1T 5-gram Version 1},
	author={Brants, Thorsten and Franz, Alex},
	year={2006},
	publisher={Linguistic Data Consortium, Philadelphia}
}
@article{massanari2017gamergate,
	title={\#Gamergate and The Fappening: How Reddit’s algorithm, governance, and culture support toxic technocultures},
	author={Massanari, Adrienne},
	journal={New Media \& Society},
	volume={19},
	number={3},
	pages={329--346},
	year={2017},
	publisher={SAGE Publications Sage UK: London, England}
}

@misc{hatebase,
	publisher = {Hatebase},
	author = {Hatebase},
	title = {https://hatebase.org, accessed 2019-03-27},
	url = {https://hatebase.org},
	urldate = {2019-03-27},
	year = {2019},
	month={Mar}
}
@article{hamilton2016diachronic,
	title={Diachronic word embeddings reveal statistical laws of semantic change},
	author={Hamilton, William L and Leskovec, Jure and Jurafsky, Dan},
	journal={arXiv preprint arXiv:1605.09096},
	year={2016}
}

@article{mikolov2013efficient,
	title={Efficient estimation of word representations in vector space},
	author={Mikolov, Tomas and Chen, Kai and Corrado, Greg and Dean, Jeffrey},
	journal={arXiv preprint arXiv:1301.3781},
	year={2013}
}
@misc{price_2017, 
	title={Google's app store has banned Gab - a social network popular with the far-right - for 'hate speech'}, 
	url={https://www.businessinsider.com/google-app-store-gab-ban-hate-speech-2017-8}, journal={Business Insider}, publisher={Business Insider}, author={Price, Rob}, year={2017}, month={Aug}}

@article{loper2002nltk,
	title={NLTK: the natural language toolkit},
	author={Loper, Edward and Bird, Steven},
	journal={arXiv preprint cs/0205028},
	year={2002}
}

@inproceedings{rehurek_lrec,
	title = {{Software Framework for Topic Modelling with Large Corpora}},
	author = {Radim {\v R}eh{\r u}{\v r}ek and Petr Sojka},
	booktitle = {{Proceedings of the LREC 2010 Workshop on New
	Challenges for NLP Frameworks}},
	pages = {45--50},
	year = 2010,
	month = May,
	day = 22,
	publisher = {ELRA},
	address = {Valletta, Malta},
	note={\url{http://is.muni.cz/publication/884893/en}},
	language={English}
}

@article{goodman1961snowball,
	title={Snowball sampling},
	author={Goodman, Leo A},
	journal={The annals of mathematical statistics},
	pages={148--170},
	year={1961},
	publisher={JSTOR}
}


@misc{roose_2018, 
	title={On Gab, an Extremist-Friendly Site, Pittsburgh Shooting Suspect Aired His Hatred in Full}, 
	url={https://www.nytimes.com/2018/10/28/us/gab-robert-bowers-pittsburgh-synagogue-shootings.html}, journal={New York Times}, publisher={New York Times}, author={Kevin Roose}, year={2018}, month={Oct}}

@article{phillips2013house,
	title={The house that fox built: Anonymous, spectacle, and cycles of amplification},
	author={Phillips, Whitney},
	journal={Television \& New Media},
	volume={14},
	number={6},
	year={2013},
	publisher={Sage Publications Sage CA: Los Angeles, CA}
}

@article{zannettou2018gab,
	title={What is Gab? A Bastion of Free Speech or an Alt-Right Echo Chamber?},
	author={Zannettou, Savvas and Bradlyn, Barry and De Cristofaro, Emiliano and Sirivianos, Michael and Stringhini, Gianluca and Kwak, Haewoon and Blackburn, Jeremy},
	journal={arXiv preprint arXiv:1802.05287},
	year={2018}
}
@inproceedings{hine2017kek,
	title={Kek, cucks, and god emperor trump: A measurement study of 4chan's politically incorrect forum and its effects on the web},
	author={Hine, Gabriel Emile and Onaolapo, Jeremiah and De Cristofaro, Emiliano and Kourtellis, Nicolas and Leontiadis, Ilias and Samaras, Riginos and Stringhini, Gianluca and Blackburn, Jeremy},
	booktitle={ICWSM},
	year={2017}
}

@article{bergstrom2011don,
	title={Don't feed the troll: Shutting down debate about community expectations on Reddit.com},
	author={Bergstrom, Kelly},
	journal={First Monday},
	volume={16},
	number={8},
	year={2011}
}
@article{chandrasekharan2017you,
	title={You can't stay here: The efficacy of reddit's 2015 ban examined through hate speech},
	author={Chandrasekharan, Eshwar and Pavalanathan, Umashanthi and Srinivasan, Anirudh and Glynn, Adam and Eisenstein, Jacob and Gilbert, Eric},
	journal={Proceedings of the ACM on Human-Computer Interaction},
	volume={1},
	number={CSCW},
	pages={31},
	year={2017},
	publisher={ACM}
}

@article{finkelstein2018quantitative,
	title={A Quantitative Approach to Understanding Online Antisemitism},
	author={Finkelstein, Joel and Zannettou, Savvas and Bradlyn, Barry and Blackburn, Jeremy},
	journal={arXiv preprint arXiv:1809.01644},
	year={2018}
}

@article{binny2018,
	author    = {Binny Mathew and
	Ritam Dutt and
	Pawan Goyal and
	Animesh Mukherjee},
	title     = {Spread of hate speech in online social media},
	journal   = {CoRR},
	volume    = {abs/1812.01693},
	year      = {2018},
	url       = {http://arxiv.org/abs/1812.01693},
	archivePrefix = {arXiv},
	eprint    = {1812.01693},
	timestamp = {Tue, 01 Jan 2019 15:01:25 +0100},
	biburl    = {https://dblp.org/rec/bib/journals/corr/abs-1812-01693},
	bibsource = {dblp computer science bibliography, https://dblp.org}
}

@inproceedings{lima2018inside,
	title={Inside the right-leaning echo chambers: Characterizing gab, an unmoderated social system},
	author={Lima, Lucas and Reis, Julio CS and Melo, Philipe and Murai, Fabricio and Araujo, Leandro and Vikatos, Pantelis and Benevenuto, Fabricio},
	booktitle={ASONAM},
	year={2018}
}

@inproceedings{gudmundsson2018human,
	title={Human-Like Playtesting with Deep Learning},
	author={Gudmundsson, Stefan Freyr and Eisen, Philipp and Poromaa, Erik and Nodet, Alex and Purmonen, Sami and Kozakowski, Bartlomiej and Meurling, Richard and Cao, Lele},
	booktitle={2018 IEEE Conference on Computational Intelligence and Games (CIG)},
	pages={1--8},
	year={2018},
	organization={IEEE}
}


@article{darroch2017,
	author  = {Darroch, Gordon},
	date    = {November 17, 2016},
	year={2016},
	title   = {Gab alt-right's social media alternative attracts users banned from Twitter},
	journal = {The Guardian},
	url     = {https://www.theguardian.com/media/2016/nov/17/gab-alt-right-social-media-twitter},
	urldate = {January 13, 2018}
}