@article{griffiths2004finding,
	title={Finding scientific topics},
	author={Griffiths, Thomas L and Steyvers, Mark},
	journal={Proceedings of the National academy of Sciences},
	volume={101},
	number={suppl 1},
	pages={5228--5235},
	year={2004},
	publisher={National Acad Sciences}
}

@article{frermann2016bayesian,
	title={A bayesian model of diachronic meaning change},
	author={Frermann, Lea and Lapata, Mirella},
	journal={Transactions of the Association for Computational Linguistics},
	volume={4},
	pages={31--45},
	year={2016}
}

@article{blei2003latent,
	title={Latent dirichlet allocation},
	author={Blei, David M and Ng, Andrew Y and Jordan, Michael I},
	journal={Journal of machine Learning research},
	volume={3},
	number={Jan},
	pages={993--1022},
	year={2003}
}

@inproceedings{blei2006dynamic,
	title={Dynamic topic models},
	author={Blei, David M and Lafferty, John D},
	booktitle={Proceedings of the 23rd international conference on Machine learning},
	pages={113--120},
	year={2006},
	organization={ACM}
}
@inproceedings{gulordava2011distributional,
title={A distributional similarity approach to the detection of semantic change in the Google Books Ngram corpus},
author={Gulordava, Kristina and Baroni, Marco},
booktitle={Proceedings of the GEMS 2011 Workshop on GEometrical Models of Natural Language Semantics},
pages={67--71},
year={2011},
organization={Association for Computational Linguistics}
}